@article{asgari2022,
	title = {Constitutively{-}expressed and induced immune effectors in the house fly ( {\emph{Musca domestica}} ) and the transcription factors that may regulate them},
	author = {Asgari, Danial and Saski, Christopher A. and Meisel, Richard P. and Nayduch, Dana},
	year = {2022},
	month = {12},
	date = {2022-12},
	journal = {Insect Molecular Biology},
	pages = {782--797},
	volume = {31},
	number = {6},
	doi = {10.1111/imb.12804},
	url = {https://resjournals.onlinelibrary.wiley.com/doi/10.1111/imb.12804},
	langid = {en}
}
